@article{Johansson:16,
	title={Introduction to {S}cientific {C}omputing in {P}ython},
	author={R. Johansson},
	journal={Lecture Notes},
	pages={1--177},
	year={2016},
}

@book{Lang:14, 
	title={A Primer on Scientific Programming with Python. Fourth Edition},
	author={H. P. Langtangen},
	year={2014},
	publisher={Springer}
}

@MISC{PythonWeb,
	author = {arvindpdmn and gurumoorthyP},
	title = {Python for Scientific Computing},
	year = {18-03-2019},
	howpublished = {\url{https://devopedia.org/python-for-scientific-computing}},
	note = {Visitado: 06-10-2019}
}
